@misc{Slo,
  author = {Sloane, N. J. A.},
  title = {{The On-Line Encyclopedia of Integer Sequences}},
  note = {\url{https://oeis.org/}},
}

@article{BL11,
    author = {Bergeron, N. and Loday, J.-L.},
    title = {{The symmetric operation in a free pre-Lie algebra is magmatic}},
    journal = {Proc. Amer. Math. Soc.},
    volume = {139},
    year = {2011},
    number = {5},
    pages = {1585--1597}
}

@misc{AGKT19,
    author = {Aval, J.-C. and Giraudo, S. and Karaboghossian, T. and Tanasa, A.},
    title={Graph insertion operads},
    year={2019},
    note={to appear on arXiv}
}

@article{CSLC,
    author = {Chapoton, F.},
    title = {Operads and algebraic combinatorics of trees},
    journal = {Séminaire {L}otharingien de {C}ombinatoire},
    volume = 58,
    year = {2008}
}

@book{LV12,
    title = {{Algebraic Operads}},
    publisher = {Springer},
    year = {2012},
    author = {Loday, J.-L. and Vallette, B.},
    volume = {346},
    series = {Grundlehren der mathematischen Wissenschaften},
    address = {Heidelberg},
    note = {Pages xxiv+634}
}

@book{Men15,
  title = {{Set operads in combinatorics and computer science}},
  publisher = {Springer, Cham},
  year = {2015},
  author = {M{\'e}ndez, M. A.},
  series = {SpringerBriefs in Mathematics},
  note = {Pages xvi+129}
}

@book{BLL98,
    title = {{Combinatorial species and tree-like structures}},
    publisher = {Cambridge University Press, Cambridge},
    year = {1998},
    author = {Bergeron, F. and Labelle, G. and Leroux, P.},
    volume = {67},
    series = {Encyclopedia of Mathematics and its Applications}
}

@article{Gir17,
    author = {Giraudo, S.},
    title = {{Combalgebraic structures on decorated cliques}},
    journal = {Formal Power Series and Algebraic Combinatorics},
    year = {2017}
}

@article{MV19,
    author = {Manin, Y. I. and Vallette, B.},
    title = {{Monoidal structures on the categories of quadratic data}},
    journal = {Arxiv{1902.03778v2}},
    year = {2019}
}

@article{Wil05,
    author = {Willwacher, T.},
    title = {{M. Kontsevich's graph complex and the Grothendieck--Teichm{\"u}ller Lie algebra}},
    journal = {Invent. Math.},
    year = {2015},
    volume = {200},
    number = {3},
    pages = {671--760}
}

@proceedings{Kon93,
    author = {Kontsevich, M.},
    title = {{Formal (Non)-Commutative Symplectic Geometry}},
    booktitle = {{The Gelfand mathematical seminars, 1990–-1992}},
    publisher = {Birkhäuser},
    pages = {173--187},
    year = {1993}
}

@article{DK10,
    author = {Dotsenko, V. and Khoroshkin, A.},
    title = {{Gr{\"o}bner bases for operads}},
    journal = {Duke Math. J.},
    year = {2010},
    volume = {153},
    number = {2},
    pages = {363--396}
}

@article{CL01,
    author = {Chapoton, F. and Livernet, M.},
    title = {{Pre-Lie algebras and the rooted trees operad}},
    journal = {Int. Math. Res. Notices},
    year = {2001},
    volume = {8},
    pages = {395--408}
}

@article{Liv06,
    author = {Livernet, M.},
    title = {{A rigidity theorem for pre-Lie algebras}},
    journal = {J. Pure Appl. Algebra},
    year = {2006},
    volume = {207},
    number = {1},
    pages = {1--18}
}

@incollection{Kon99,
    author = {Kontsevich, M.},
    title = {{Operads and motives in deformation quantization}},
    journal = {Lett. Math. Phys.},
    volume = {48},
    year = {1999},
    number = {1},
    pages = {35--72}
}

@book{Gir18,
    author = {Giraudo, S.},
    title = {{Nonsymmetric Operads in Combinatorics}},
    publisher = {Springer Nature Switzerland AG},
    year = {2018},
    pages = {ix+172}
}

@article{Kreimer:2000ja,
      author         = "Kreimer, D.",
      title          = "{Combinatorics of (perturbative) quantum field theory}",
      journal        = "Phys. Rept.",
      volume         = "363",
      year           = "2002",
      pages          = "387-424",
      doi            = "10.1016/S0370-1573(01)00099-0",
      eprint         = "hep-th/0010059",
      archivePrefix  = "arXiv",
      primaryClass   = "hep-th",
}

@inproceedings{Loday,
author="Loday, Jean-Louis and Nikolov, Nikolay M.",
title="Operadic construction of the renormalization group",
booktitle="Proc. of Lie theory and its applications in physics, Springer Proc. Math. Stat., 36",
pages="191–211",
year="2013"}

@unpublished{Benini:2017fnn,
      author         = "Benini, Marco and Schenkel, Alexander and Woike, Lukas",
      title          = "{Operads for algebraic quantum field theory}",
      year           = "2017",
      eprint         = "1709.08657",
      archivePrefix  = "arXiv",
      primaryClass   = "math-ph",
}

@inproceedings{Bruinsma:2019icp,
      author         = "Bruinsma, Simen",
      title          = "{Coloring Operads for Algebraic Field Theory}",
      booktitle      = "{Durham Symposium, Higher Structures in M-Theory Durham,
                        UK, August 12-18, 2018}",
      journal        = "Fortsch. Phys.",
      volume         = "67",
      year           = "2019",
      number         = "8-9",
      pages          = "1910004",
      doi            = "10.1002/prop.201910004",
      eprint         = "1903.02863",
      archivePrefix  = "arXiv",
      primaryClass   = "hep-th",
}

@article{Bruinsma:2018knq,
      author         = "Bruinsma, Simen and Schenkel, Alexander",
      title          = "{Algebraic field theory operads and linear quantization}",
      journal        = "Lett. Math. Phys.",
      volume         = "109",
      year           = "2019",
      number         = "11",
      pages          = "2531-2570",
      doi            = "10.1007/s11005-019-01195-7",
      eprint         = "1809.05319",
      archivePrefix  = "arXiv",
      primaryClass   = "math-ph",
      SLACcitation   = "%%CITATION = ARXIV:1809.05319;%%"
}

@MISC{VP,
author={Hivert, Florent and Pilaud, Vincent},
title={Signaletic operads},
year=2019,
note = {arXiv:1906.02228}}
